<?xml version="1.0" encoding="utf-8"?>
<record xmlns="http://www.loc.gov/MARC21/slim" xmlns:xsi="http://www.w3.org/2001/XMLSchema-instance" xsi:schemaLocation="http://www.loc.gov/MARC21/slim http://www.loc.gov/standards/marcxml/schema/MARC21slim.xsd">
	<leader>     nam a22        4500</leader>
	<controlfield tag="001">1931250</controlfield>
	<controlfield tag="003">NIC</controlfield>
	<controlfield tag="006">m        d        </controlfield>
	<controlfield tag="007">cr cn |||m|||a</controlfield>
	<controlfield tag="008">150505m19359999le hj   ob    000 0 arar </controlfield>
	<datafield ind1=" " ind2=" " tag="040">
		<subfield code="a">NNU</subfield>
		<subfield code="b">eng</subfield>
		<subfield code="e">rda</subfield>
		<subfield code="c">NNU</subfield>
	</datafield>
	<datafield ind1=" " ind2="4" tag="050">
		<subfield code="a">PJ25</subfield>
		<subfield code="b">.A6 no. 7, etc.</subfield>
	</datafield>
	<datafield ind1="1" ind2=" " tag="100">
		<subfield code="6">880-01</subfield>
		<subfield code="a">Jabbūr, Jibrāʼīl Sulaymān.</subfield>
	</datafield>
	<datafield ind1="1" ind2="0" tag="245">
		<subfield code="6">880-02</subfield>
		<subfield code="a">ʻUmar ibn Abī Rabīʻah,</subfield>
		<subfield code="b">wa-huwa dirāsah taḥlīlīyah fī thalāthat ajzāʼ tabḥathu fī ʻaṣrihi wa-ḥayātihi wa-shiʻrih.</subfield>
		<subfield code="c">bi-qalam Jibrāʼīl Sulaymān Jabbūr.</subfield>
	</datafield>
	<datafield ind1=" " ind2=" " tag="260">
		<subfield code="6">880-03</subfield>
		<subfield code="a">Bayrūt :</subfield>
		<subfield code="b">al-Maṭbaʻah al-Kāthūlīkīyah,</subfield>
		<subfield code="c">1935-</subfield>
	</datafield>
	<datafield ind1=" " ind2=" " tag="300">
		<subfield code="a">online resource (volumes) :</subfield>
		<subfield code="b">facsimiles, genealogical table</subfield>
	</datafield>
	<datafield ind1=" " ind2=" " tag="336">
		<subfield code="a">text</subfield>
		<subfield code="2">rdacontent</subfield>
	</datafield>
	<datafield ind1=" " ind2=" " tag="337">
		<subfield code="a">computer</subfield>
		<subfield code="2">rdamedia</subfield>
	</datafield>
	<datafield ind1=" " ind2=" " tag="338">
		<subfield code="a">online resource</subfield>
		<subfield code="2">rdacarrier</subfield>
	</datafield>
	<datafield ind1="1" ind2=" " tag="490">
		<subfield code="6">880-04</subfield>
		<subfield code="a">Jāmiʻat al-Amīrikīah fī Bayrūt. Manshūrāt Kullīyat al-ʻUlūm wa-al-Ādāb. Silsilat al-ʻulūm al-sharqīyah ;</subfield>
		<subfield code="v">7, 13</subfield>
	</datafield>
	<datafield ind1=" " ind2=" " tag="500">
		<subfield code="a">Added t.p.: ʻUmar ibn Abī Rabīʻah, his age, life and works, by Jibrāʼīl S. Jabbūr.</subfield>
	</datafield>
	<datafield ind1=" " ind2=" " tag="500">
		<subfield code="a">Vol. 2 has imprint: al-Maṭbaʻah al-Amīrikānīah.</subfield>
	</datafield>
	<datafield ind1=" " ind2=" " tag="500">
		<subfield code="a">Part of the Arabic Collections Online (ACO) project, contributed by Cornell University Libraries.</subfield>
	</datafield>
	<datafield ind1="1" ind2=" " tag="505">
		<subfield code="a">al-juzʼ al-awwal: ʻAṣr Ibn Abī Rabīʻah -- al-juzʼ al-thānī: Ḥayāt Ibn Abī Rabīʻah.</subfield>
	</datafield>
	<datafield ind1=" " ind2=" " tag="533">
		<subfield code="a">Electronic reproduction.</subfield>
		<subfield code="b">New York, N.Y. :</subfield>
		<subfield code="c">New York University,</subfield>
		<subfield code="d">2015.</subfield>
		<subfield code="5">NNU</subfield>
	</datafield>
	<datafield ind1="0" ind2="0" tag="600">
		<subfield code="6">880-05</subfield>
		<subfield code="a">ʻUmar ibn Abī Rabīʻah,</subfield>
		<subfield code="d">643 or 644-711 or 712.</subfield>
	</datafield>
	<datafield ind1="0" ind2="7" tag="600">
		<subfield code="a">ʻUmar ibn Abī Rabīʻaẗ</subfield>
		<subfield code="d">(0644-0712)</subfield>
		<subfield code="x">Histoire et critique.</subfield>
		<subfield code="2">ram</subfield>
	</datafield>
	<datafield ind1="0" ind2="7" tag="600">
		<subfield code="a">ʻUmar ibn Abī Rabīʻah,</subfield>
		<subfield code="d">643 or 644-711 or 712</subfield>
		<subfield code="2">fast</subfield>
		<subfield code="0">(OCoLC)fst01852176</subfield>
	</datafield>
	<datafield ind1="2" ind2=" " tag="710">
		<subfield code="a">Cornell University.</subfield>
		<subfield code="b">Libraries.</subfield>
	</datafield>
	<datafield ind1="0" ind2=" " tag="730">
		<subfield code="a">Arabic Collections Online.</subfield>
	</datafield>
	<datafield ind1="0" ind2="8" tag="776">
		<subfield code="i">Online version:</subfield>
		<subfield code="a">Jabbūr, Jibrāʼīl Sulaymān.</subfield>
		<subfield code="t">ʻUmar ibn Abī Rabīʻah.</subfield>
		<subfield code="d">Bayrūt, al-Maṭbaʻah al-Kāthūlīkīyah, 1935-</subfield>
		<subfield code="w">(OCoLC)558424691</subfield>
	</datafield>
	<datafield ind1="0" ind2="8" tag="776">
		<subfield code="i">Print version:</subfield>
		<subfield code="a">Jabbūr, Jibrāʼīl Sulaymān.</subfield>
		<subfield code="t">ʻUmar ibn Abī Rabīʻah</subfield>
		<subfield code="w">(NIC)1931250</subfield>
		<subfield code="w">(DLC)   59034973 </subfield>
		<subfield code="w">(OCoLC)22723093</subfield>
	</datafield>
	<datafield ind1=" " ind2="0" tag="830">
		<subfield code="6">880-06</subfield>
		<subfield code="a">Jāmiʻat al-Amīrikīah fī Bayrūt. Manshūrāt Kullīyat al-ʻUlūm wa-al-Ādāb. Silsilat al-ʻulūm al-sharqīyah ;</subfield>
		<subfield code="v">7, 13.</subfield>
	</datafield>
	<datafield ind1="4" ind2="0" tag="856">
		<subfield code="u">http://hdl.handle.net/2333.1/hmgqnnj5</subfield>
	</datafield>
	<datafield ind1="1" ind2=" " tag="880">
		<subfield code="6">100-01/r</subfield>
		<subfield code="a">جبور، جبرائيل سليمان.</subfield>
	</datafield>
	<datafield ind1="1" ind2="0" tag="880">
		<subfield code="6">245-02/r</subfield>
		<subfield code="a">عمر بن أبي ربيعة :</subfield>
		<subfield code="b">وهو دراسة تحليلية في ثلاثة أجزاء تبحث في عصره وحياته وشعره /</subfield>
		<subfield code="c">بقلم جبرائيل سليمان جبور.</subfield>
	</datafield>
	<datafield ind1=" " ind2=" " tag="880">
		<subfield code="6">260-03/r</subfield>
		<subfield code="a">بيروت :</subfield>
		<subfield code="b">المطبعة الكاثوليكية،</subfield>
		<subfield code="c">[1935]-</subfield>
	</datafield>
	<datafield ind1="1" ind2=" " tag="880">
		<subfield code="6">490-04/r</subfield>
		<subfield code="a">الجامعة الأميركية في بيروت. منشورات كلية العلوم والآداب. سلسلة العلوم الشرقية ؛</subfield>
		<subfield code="v">7، 13</subfield>
	</datafield>
	<datafield ind1="1" ind2="4" tag="880">
		<subfield code="6">600-05/r</subfield>
		<subfield code="a">عمر بن أبي ربيعة.</subfield>
	</datafield>
	<datafield ind1=" " ind2="0" tag="880">
		<subfield code="6">830-06/r</subfield>
		<subfield code="a">جامعة الاميركية في بيروت. منشورات كلية العلوم والآداب. سلسلة العلوم الشرقية ؛</subfield>
		<subfield code="v">7، 13.</subfield>
	</datafield>
	<datafield ind1=" " ind2=" " tag="959">
		<subfield code="a">NNU</subfield>
		<subfield code="b">WEB</subfield>
		<subfield code="c">GENI</subfield>
		<subfield code="t">0</subfield>
		<subfield code="m">Electronic access</subfield>
		<subfield code="s">01</subfield>
	</datafield>
	<datafield ind1=" " ind2=" " tag="999">
		<subfield code="i">NIC_1931250</subfield>
		<subfield code="o">(OCoLC)ocm22723093</subfield>
		<subfield code="s">cornell_aco000111:juz1</subfield>
	</datafield>
</record>
